@article{Stark04,
    author    = {T. Starkabc},
    title     = {Maintaining Knowledge about Weaponry},
    journal   = {International Journal of Armored Weapons},
    volume    = {26},
    number    = {11},
    pages     = {832--843},
    year      = {2004}
}